@Manual{johnson:_swarm_user_guide,
  title = 	 {Swarm User Guide},
  author =	 {Paul Johnson and Alex Lancaster},
  organization = {Swarm Development Group},
  month = {April},
  year =	 2000
}

@Manual{larkin93:_objec_orien_progr_objec_c,
  title = 	 {Objective-Oriented Programming and the Objective-C Language, Next Developer's Library},
  author =	 {Don Larkin and Greg Wilson},
  organization = {Next Software, Inc},
  year =	 {1993--1995}
}

@Manual{98:_objec_c_languag_rhaps_devel_docum,
  title = 	 {The Objective-C Language, Rhapsody Developer Documentation},
  organization = {Apple Computer, Inc.},
  month =	 {Feb},
  year =	 1998,
  note =	 {Chapter 2}
}

@Manual{92:_gcc,
  title = 	 {GCC 3.1 Objective-C source-codes and Objective-C 4.0 Language Implementation module source codes, GCC 3.1,},
  organization = {Free Software Foundation, Inc.},
  year =	 {1992--2002}
}

@Manual{02:_insid_mac_os_x,
  title = 	 {Inside Mac OS X: The Objective-C Programming Language},
  organization = {Apple Computer, Inc.},
  month =	 {May},
  year =	 2002
}

@InProceedings{Madina-Standish01,
  author = 	 {Madina, D. and Standish, R.K.},
  title = 	 {A system for reflection in C++},
  booktitle =	 {Proceedings AUUG 2001: Always on and everywhere},
  pages =	 207,
  year =	 2001,
  note =	 {ISBN 0957753225}
}

@InProceedings{standish00:_ecolab,
  author = 	 {Standish, R.K.},
  title = 	 {Ecolab 4},
  booktitle =	 {Applied Complexity: From Neural Networks to Managed Landscapes},
  pages =	 {156-163},
  year =	 2000,
  editor =	 {Halloy, S. and Williams, T.},
  address =	 {Christchurch},
  publisher =	 {New Zealand Institute for Crop and Food Research}
}

@InProceedings{standish02:_diver_evolut,
  author = 	 {Standish, R.K.},
  title = 	 {Diversity Evolution},
  booktitle =	 {Artificial Life VIII},
  pages =	 {131-137},
  year =	 2002,
  editor =	 {Standish, RK and Bedau, MA and Abbass, HA },
  address =	 {Cambridge, MA},
  publisher =	 {MIT Press}
}

@Book{kernighan88:_c,
  author =	 {Brian W. Kernighan and Dennis M. Ritchie},
  title = 	 {The C programming language},
  publisher = 	 {Prentice Hall Software},
  year = 	 1988,
  edition =	 2
}

@Unpublished{daniels00:_swarm_com,
  author = 	 {Marcus Daniels},
  title = 	 {Swarm and COM},
  note = 	 {Integration workshop at the GIS/EM4 Conference},
  month =	 {September},
  year =	 2000
}

